
@article{fiorini,
  title={Exponential lower bounds for polytopes in combinatorial optimization},
  author={Fiorini, Samuel and Massar, Serge and Pokutta, Sebastian and Tiwary, Hans Raj and Wolf, Ronald De},
  journal={Journal of the ACM (JACM)},
  volume={62},
  number={2},
  pages={17},
  year={2015},
  publisher={ACM}
}


@article{yannakakis,
  title={Expressing combinatorial optimization problems by linear programs},
  author={Yannakakis, Mihalis},
  journal={Journal of Computer and System Sciences},
  volume={43},
  number={3},
  pages={441--466},
  year={1991},
  publisher={Elsevier}
}

@misc{vondrak-class,
  author={Vondr\'ak, Jan},
  title={Lecture notes in Polyhedral Techniques in Combinatorial Optimization},
  month={March},
  year={2017},
  publisher={Stanford University}
}

@book{arora-borak,
  title={Computational complexity: a modern approach},
  author={Arora, Sanjeev and Barak, Boaz},
  year={2009},
  publisher={Cambridge University Press}
}

@book{cc-nisan,
  title={Communication Complexity},
  author={Kushilevitz, Eyal and Nisan, Noam},
  year={1997},
  publisher={Cambridge University Press}
}

@article{de-wolf,
  title={Nondeterministic quantum query and communication complexities},
  author={De Wolf, Ronald},
  journal={SIAM Journal on Computing},
  volume={32},
  number={3},
  pages={681--699},
  year={2003},
  publisher={SIAM}
}

@article{de-simone,
  title={The cut polytope and the Boolean quadric polytope},
  author={De Simone, Caterina},
  journal={Discrete Mathematics},
  volume={79},
  number={1},
  pages={71--75},
  year={1990},
  publisher={Elsevier}
}